@InProceedings{yoon-appscope,
  author =      {Yoon, Chanmin and Kim, Dongwon and Jung, Wonwoo and Kang, Chulkoo and Cha, Hojung},
  title =       {AppScope: Application Energy Metering Framework for Android Smartphones using Kernel Activity Monitoring},
  booktitle =   {USENIX ATC'12 Proceedings of the 2012 USENIX conference on Annual Technical Conference},
  year =        {2012},
  pdf =         {https://www.usenix.org/system/files/conference/atc12/atc12-final171.pdf}
}


@InProceedings{pathak-systemcall,
  author = 	 {Pathak, Abhinav and Bahl, Paramvir and Hu, Y. Charlie and Zhang, Ming and Wang, Yi-Min},
  title = 	 {Fine-grained power modeling for smartphones using system call tracing},
  booktitle =    {EuroSys '11 Proceedings of the sixth conference on Computer systems},
  year = 	 {2011},
  pdf =	         {http://eurosys2011.cs.uni-salzburg.at/pdf/eurosys2011-pathak.pdf}
}


@InProceedings{pathak-eprof,
  author = 	 {Pathtak, Abhinav and Hu, Y. Charlie and Zhang, Ming},
  title = 	 {Where is the energy spent inside my app?: fine grained energy accounting on smartphones with Eprof},
  booktitle = 	 {EuroSys '12 Proceedings of the 7th ACM european conference on Computer Systems},
  year = 	 {2012},
  pdf =          {http://research.microsoft.com/en-us/people/mzh/eurosys-2012.pdf}
}

@InProceedings{ding-signals,
  author = 	 {Ding, Ning and Wagner, Daniel and Chen, Xiaomeng and Pathak, Abhinav and Hu, Y. Charlie and Rice, Andrew},
  title = 	 {Characterizing and modeling the impact of wireless signal strength on smartphone battery drain},
  booktitle = 	 {SIGMETRICS '13 Proceedings of the ACM SIGMETRICS/international conference on Measurement and modeling of computer systems},
  year =	 {2013},
  pdf =       {http://web.ics.purdue.edu/~ding34/paper/2013-sigmetrics-ding.pdf}
}

@InProceedings{pathak-bugs,
  AUTHOR = {Pathak, Abinav and Jindal, Abhilash and Hu, Y. Charlie and Midkiff, Samuel P.},
  TITLE = {What is keeping my phone awake? Characterizing and Detecting No-Sleep Energy Bugs in Smartphone Apps},
  BOOKTITLE = {MobiSys '12 Proceedings of the 10th international conference on Mobile systems, applications, and services},
  YEAR = {2012},
  PDF = {http://www.cs.columbia.edu/~junfeng/12fa-e6121/papers/no-sleep.pdf}
}

@Article{google-androiddev,
  author =       {Google, Inc.},
  title =        {Power Profiles for Android},
  journal =      {Developer Guides},
  year =         2013,
  pdf =  {https://source.android.com/devices/tech/power.html}
}
